% Encoding: UTF-8

@Book{Inden2018,
  author = {Michael Inden},
  title  = {Der Weg zum Java-Profi},
  year   = {2018},
  isbn   = {978-3-86490-483-7},
  pages  = {1389},
}

@Comment{jabref-meta: databaseType:biblatex;}
